%% To change the IEEEtran.bst controls, users should create an IEEEtranBSTCTL entry 
%% in their .bib file:
%% @IEEEtranBSTCTL{References:BSTcontrol,      
%% CTLuse_forced_etal= "yes",      To display et al. for 3 and more authors.
%% CTLmax_names_forced_etal = "2",
%% CTLnames_show_etal= "1",
%% CTLuse_alt_spacing= "no",     ''Shuts off the alternate interword spacing 
%% for entries with URLs''.
%% CTLalt_stretch_factor= "1"      ''If alternate interword spacing for entries with URLs is 
%% enabled, this is the interword spacing stretch factor that will be used.''
%% } 

@IEEEtranBSTCTL{IEEEexample:BSTcontrol,
CTLuse_forced_etal       = "yes",
CTLmax_names_forced_etal = "3",
CTLnames_show_etal       = "1" 
}

%% Même si pour le moment le champ doi n'est pas supporté par le style IEEEtran, il y sera 
%% probablement intégré dans le futur. Si votre document a un doi, ajoutez-le.
%% Dans les exemples en bas, le champ doi a été ajouté pour tous les documents qui en ont un.

%% The DOI is not supported yet by the IEEEtran style, but it will probably be in the future.  
%% If your document has a DOI, include it in the reference. 
%% In the examples below, the DOI field was added in all the references that have a DOI.


@article{munkres,
 ISSN = {03684245},
 URL = {http://www.jstor.org/stable/2098689},
 author = {James Munkres},
 journal = {Journal of the Society for Industrial and Applied Mathematics},
 number = {1},
 pages = {32--38},
 publisher = {Society for Industrial and Applied Mathematics},
 title = {Algorithms for the Assignment and Transportation Problems},
 volume = {5},
 year = {1957}
}

@inproceedings{bordes2013translating,
  title={Translating embeddings for modeling multi-relational data},
  author={Bordes, Antoine and Usunier, Nicolas and Garcia-Duran, Alberto and Weston, Jason and Yakhnenko, Oksana},
  booktitle={Advances in Neural Information Processing Systems},
  pages={2787--2795},
  year={2013}
}

@inproceedings{toutanova2015observed,
  title={Observed versus latent features for knowledge base and text inference},
  author={Toutanova, Kristina and Chen, Danqi},
  booktitle={Proc. 3rd Workshop on Continuous Vector Space Models and their Compositionality},
  pages={57--66},
  year={2015},
  doi={10.18653/v1/w15-4007}
}

@article{petrucci2018expressive,
  title={Expressive ontology learning as neural machine translation},
  author={Petrucci, Giulio and Rospocher, Marco and Ghidini, Chiara},
  journal={Journal of Web Semantics},
  volume={52},
  pages={66--82},
  year={2018},
  publisher={Elsevier},
  doi={10.1016/j.websem.2018.10.002}
}

@inproceedings{li2019ontology,
  title={Ontology completion using graph convolutional networks},
  author={Li, Na and Bouraoui, Zied and Schockaert, Steven},
  booktitle={International Semantic Web Conference},
  pages={435--452},
  year={2019}
}

@article{jonker1987shortest,
  title={A shortest augmenting path algorithm for dense and sparse linear assignment problems},
  author={Jonker, Roy and Volgenant, Anton},
  journal={Computing},
  volume={38},
  number={4},
  pages={325--340},
  year={1987}
}

@article{brown2017heuristic,
  title={A heuristic for the time constrained asymmetric linear sum assignment problem},
  author={Brown, Peter and Yang, Yuedong and Zhou, Yaoqi and Pullan, Wayne},
  journal={Journal of Combinatorial Optimization},
  volume={33},
  number={2},
  pages={551--566},
  year={2017},
  publisher={Springer},
  doi={10.1007/s10878-015-9979-2}
}

@inproceedings{openke,
    title = "{O}pen{KE}: An Open Toolkit for Knowledge Embedding",
    author = "Han, Xu  and
      Cao, Shulin  and
      Lv, Xin  and
      Lin, Yankai  and
      Liu, Zhiyuan  and
      Sun, Maosong  and
      Li, Juanzi",
    booktitle = "Proceedings of the 2018 Conference on Empirical Methods in Natural Language Processing: System Demonstrations",
    year = "2018",
    publisher = "Association for Computational Linguistics",
    doi = "10.18653/v1/D18-2024",
    pages = "139--144"
}

@article{sritha2016survey,
  title={A survey on various approaches for taxonomy construction},
  author={Sritha, S and Mathumathi, B},
  journal={Indian Journal of Innovations and Developments},
  volume={5},
  pages={6},
  year={2016}
}

@inproceedings{joinmerge,
  title={Building a concept hierarchy by hierarchical clustering with join/merge decision},
  author={Kuo, Huang-Cheng and Tsai, Tsung-Han and Jen-Peng, Huang},
  booktitle={9th Joint International Conference on Information Sciences},
  year={2006},
  organization={Atlantis Press}
}

@inproceedings{gupta2016domain,
  title={Domain ontology induction using word embeddings},
  author={Gupta, Niharika and Podder, Sanjay and Annervaz, KM and Sengupta, Shubhashis},
  booktitle={15th IEEE International Conference on Machine Learning and Applications},
  pages={115--119},
  year={2016},
  organization={IEEE},
  doi={10.1109/icmla.2016.0027}
}

@inproceedings{gargi2011large,
  title={Large-scale community detection on youtube for topic discovery and exploration},
  author={Gargi, Ullas and Lu, Wenjun and Mirrokni, Vahab and Yoon, Sangho},
  booktitle={5th International AAAI Conference on Weblogs and Social Media},
  year={2011}
}

@inproceedings{ristoski2017large,
  title={Large-scale taxonomy induction using entity and word embeddings},
  author={Ristoski, Petar and Faralli, Stefano and Ponzetto, Simone Paolo and Paulheim, Heiko},
  booktitle={Proceedings of the International Conference on Web Intelligence},
  pages={81--87},
  year={2017},
  organization={ACM},
  doi={10.1145/3106426.3106465}
}
%

@inproceedings{fu2014learning,
  title={Learning semantic hierarchies via word embeddings},
  author={Fu, Ruiji and Guo, Jiang and Qin, Bing and Che, Wanxiang and Wang, Haifeng and Liu, Ting},
  booktitle={Proceedings of the 52nd Annual Meeting of the Association for Computational Linguistics},
  volume={1},
  pages={1199--1209},
  year={2014}
}

@misc{
cochez_2017, title={{RDF2Vec} {DB}pedia uniform embeddings}, DOI={10.5281/zenodo.1318146}, 
abstractNote={<p>This dataset contains the vectors from computing RDF2vec embeddings from a uniformly weighted DBpedia 2016-04 graph.</p> <p>For each entity in the graph, the text file in the zip archive contains a line with the entity name and the embedded vector.</p> <p>The parameter settings for the embedding are as specified in the paper:</p> <p>Michael Cochez, Petar Ristoski, Simone Paolo Ponzetto, and Heiko Paulheim. 2017. Biased graph walks for RDF graph embeddings. In <em>Proceedings of the 7th International Conference on Web Intelligence, Mining and Semantics</em> (WIMS &#39;17). ACM, New York, NY, USA, Article 21, 12 pages. DOI: https://doi.org/10.1145/3102254.3102279</p>}, publisher={Zenodo}, 
author={Cochez, Michael and Ristoski, Petar and Ponzetto, Simone Paulo and Paulheim, Heiko}, 
year={2017}
}


@inproceedings{kemp2006learning,
  title={Learning systems of concepts with an infinite relational model},
  author={Kemp, Charles and Tenenbaum, Joshua B and Griffiths, Thomas L and Yamada, Takeshi and Ueda, Naonori},
  booktitle={Proc. AAAI},
  volume={3},
  pages={5},
  year={2006}
}

@inproceedings{nickel2011learning,
  title={Learning taxonomies from multi-relational data via hierarchical link-based clustering},
  author={Nickel, Maximilian and Tresp, Volker},
  booktitle={Learning Semantics. Workshop at NIPS},
  volume={11},
  year={2011}
}

@article{wong2012ontology,
  title={Ontology learning from text: A look back and into the future},
  author={Wong, Wilson and Liu, Wei and Bennamoun, Mohammed},
  journal={ACM Computing Surveys},
  volume={44},
  number={4},
  pages={20},
  year={2012},
  publisher={ACM}
}

@inproceedings{volker2011statistical,
  title={Statistical schema induction},
  author={V{\"o}lker, Johanna and Niepert, Mathias},
  booktitle={Extended Semantic Web Conference},
  pages={124--138},
  year={2011},
  organization={Springer}
}

@inproceedings{faralli2017contrastmedium,
  title={The {ContrastMedium} algorithm: Taxonomy induction from noisy knowledge graphs with just a few links},
  author={Faralli, Stefano and Panchenko, Alexander and Biemann, Chris and Ponzetto, Simone Paolo},
  booktitle={Proceedings of the 15th Conference of the European Chapter of the Association for Computational Linguistics},
  pages={590--600},
  volume={1},
  year={2017},
  hidedoi={10.18653/v1/e17-1056}
}


@article{asim2018survey,
  title={A survey of ontology learning techniques and applications},
  author={Asim, Muhammad Nabeel and Wasim, Muhammad and Khan, Muhammad Usman Ghani and Mahmood, Waqar and Abbasi, Hafiza Mahnoor},
  journal={Database},
  year={2018},
  publisher={Narnia},
  doi={10.1093/database/bay101}
}

@article{de2013domain,
  title={Domain taxonomy learning from text: The subsumption method versus hierarchical clustering},
  author={De Knijff, Jeroen and Frasincar, Flavius and Hogenboom, Frederik},
  journal={Data \& Knowledge Engineering},
  volume={83},
  pages={54--69},
  year={2013},
  publisher={Elsevier}
}
@incollection{NIPS2017_7213,
title = {Poincar\'{e} Embeddings for Learning Hierarchical Representations},
author = {Nickel, Maximillian and Kiela, Douwe},
booktitle = {Advances in Neural Information Processing Systems 30},
pages = {6338--6347},
year = {2017},
publisher = {Curran Associates, Inc.}
}

@inproceedings{nickel2018learning,
  title={Learning Continuous Hierarchies in the Lorentz Model of Hyperbolic Geometry},
  author={Maximilian Nickel and Douwe Kiela},
  booktitle={Proc. ICML},
  year={2018}
}

@article{lehmann2009dl,
  title={{DL}-Learner: learning concepts in description logics},
  author={Lehmann, Jens},
  journal={Journal of Machine Learning Research},
  volume={10},
  pages={2639--2642},
  year={2009}
}

@incollection{COHEN1994121,
title = "Learning the CLASSIC Description Logic: Theoretical and Experimental Results",
editor = "Jon Doyle and Erik Sandewall and Pietro Torasso",
booktitle = "Principles of Knowledge Representation and Reasoning",
publisher = "Morgan Kaufmann",
pages = "121 - 133",
year = "1994",
series = "The Morgan Kaufmann Series in Representation and Reasoning",
issn = "10469567",
doi = "https://doi.org/10.1016/B978-1-4832-1452-8.50108-1",
url = "http://www.sciencedirect.com/science/article/pii/B9781483214528501081",
author = "William W. Cohen and Haym Hirsh",
abstract = "We present a series of theoretical and experimental results on the learnability of description logics. We first extend previous formal learnability results on simple description logics to C-CLASSIC, a description logic expressive enough to be practically useful. We then experimentally evaluate two extensions of a learning algorithm suggested by the formal analysis. The first extension learns C-CLASSIC descriptions from individuals. (The formal results assume that examples are themselves descriptions.) The second extension learns disjunctions of C-CLASSIC descriptions from individuals. The experiments, which were conducted using several hundred target concepts from a number of domains, indicate that both extensions reliably learn complex natural concepts."
}

@inproceedings{Cohen1994LearningTC,
  title={Learning the Classic Description Logic: Theoretical and Experimental Results},
  author={William W. Cohen and Haym Hirsh},
  booktitle={KR},
  year={1994}
}

@article{aho1972transitive,
  title={The transitive reduction of a directed graph},
  author={Aho, Alfred V. and Garey, Michael R and Ullman, Jeffrey D.},
  journal={SIAM Journal on Computing},
  volume={1},
  number={2},
  pages={131--137},
  year={1972},
  publisher={SIAM}
}

@inproceedings{wu2008automatically,
  title={Automatically refining the wikipedia infobox ontology},
  author={Wu, Fei and Weld, Daniel S},
  booktitle={Proc. 17th International Conference on World Wide Web},
  pages={635--644},
  year={2008},
  organization={ACM}
}

@inproceedings{sertkaya2009ontocomp,
  title={Ontocomp: A protege plugin for completing {OWL} ontologies},
  author={Sertkaya, Bar{\i}{\c{s}}},
  booktitle={European Semantic Web Conference},
  pages={898--902},
  year={2009},
  organization={Springer}
}

@inproceedings{kozareva2010semi,
  title={A semi-supervised method to learn and construct taxonomies using the web},
  author={Kozareva, Zornitsa and Hovy, Eduard},
  booktitle={Proceedings of the 2010 conference on Empirical Methods in Natural Language Processing},
  pages={1110--1118},
  year={2010},
  organization={ACL}
}

@inproceedings{zafar2016using,
  title={Using distributional semantics for automatic taxonomy induction},
  author={Zafar, Bushra and Cochez, Michael and Qamar, Usman},
  booktitle={Proc. 2016 International Conference on Frontiers of Information Technology},
  pages={348--353},
  year={2016},
  organization={IEEE},
  doi={10.1109/fit.2016.070}
}

@inproceedings{hearst1992automatic,
  title={Automatic acquisition of hyponyms from large text corpora},
  author={Hearst, Marti A},
  booktitle={Proceedings of the 14th conference on Computational Linguistics},
  volume={2},
  pages={539--545},
  year={1992},
  organization={ACL}
}


@inproceedings{complex,
  title={Complex embeddings for simple link prediction},
  author={Trouillon, Th{\'e}o and Welbl, Johannes and Riedel, Sebastian and Gaussier, {\'E}ric and Bouchard, Guillaume},
  year={2016},
  booktitle={Proc. International Conference on Machine Learning}
}

@inproceedings{ristoski2016rdf2vec,
  title={Rdf2vec: {RDF} graph embeddings for data mining},
  author={Ristoski, Petar and Paulheim, Heiko},
  booktitle={International Semantic Web Conference},
  pages={498--514},
  year={2016},
  organization={Springer}
}

@inproceedings{mikolov2013distributed,
  title={Distributed representations of words and phrases and their compositionality},
  author={Mikolov, Tomas and Sutskever, Ilya and Chen, Kai and Corrado, Greg S and Dean, Jeff},
  booktitle={Advances in Neural Information Processing Systems},
  pages={3111--3119},
  year={2013}
}

@inproceedings{distmult,
  author    = {Bishan Yang and
               Wen{-}tau Yih and
               Xiaodong He and
               Jianfeng Gao and
               Li Deng},
  title     = {Embedding Entities and Relations for Learning and Inference in Knowledge
               Bases},
  booktitle = {Proc. 3rd International Conference on Learning Representations},
  year      = {2015}
}

% --------------------------------------------
%
%% À PARTIR D'ICI, TOUT DOIT DISPARAÎTRE
%
% --------------------------------------------
%% Livre imprimé, 7e édition / Printed book, 7th edition

@book{Brydson1999,
author = {Brydson, J. A.},
title = {Plastics materials},
year = {1999},
publisher = {Butterworth-Heinemann},
address = {Oxford, UK},
edition = {Seventh}
}


%% Livre imprimé
%% Printed book

@book{Boyce2002,
author = {Boyce, William E. and DiPrima, Richard Clyde},
title = {Équations différentielles},
year = {2002},
publisher = {Chenelière},
address = {Montréal, QC}
}



%% Livre imprimé avec éditeur intellectuel, 2e édition
%% Edited printed book, 2nd edition

@book{Fraas2010,
editor = {Fraas, Lewis M. and Partain, Larry D.},
title = {Solar Cells and Their Applications},
year = {2010},
publisher = {Wiley},
address = {Hoboken, NJ},
edition = {Second}
}



%% Livre électronique
%% Electronic book

@book{Manasreh2011,
author = {Manasreh, Omar},
title = {Introduction to Nanomaterials and Devices},
year = {2011},
publisher = {Wiley},
address = {Hoboken, NJ},
doi = {10.1002/9781118148419},
url = {http://onlinelibrary.wiley.com/book/10.1002/9781118148419}
}



%% Livre électronique avec éditeur intellectuel, 3e édition
%% Edited electronic book, 3rd edition

@book{Chen2009,
editor = {Chen, Wai-Kai},
title = {Analog and {VLSI} Circuits: The Circuits and Filters Handbook},
year = {2009},
publisher = {{CRC} Press},
address = {Boca Raton, FL},
edition = {Third},
url = {http://www.crcnetbase.com/doi/book/10.1201/9781420058925}
}



%% Section sans titre d'un livre électronique (des pages dans un livre)
%% Section without title of an electronic book (some pages in a book)

@inbook{Kizza2013,
author = {Kizza, Joseph Migga},
title = {Guide to Computer Network Security},
year = {2013},
publisher = {Springer},
address = {London, UK},
edition = {Second},
pages = {119-120},
doi = {10.1007/978-1-4471-4543-1},
url = {http://dx.doi.org/10.1007/978-1-4471-4543-1}
}



%% Chapitre de livre électronique avec éditeur intellectuel
%% Chapter in an edited electronic book

@incollection{Haist2014,
author = {Haist, Tobias and Hasler, Malte and Osten, Wolfang and Baranek, Michal},
title = {Programmable microscopy},
booktitle = {Multi-dimensional Imaging},
editor = {Javidi, Bahram and Tajahuerce, Enrique and Andrés, Pedro},
year = {2014},
publisher = {{IEEE} Press-Wiley},
address = {Chichester, UK},
pages = {153-173},
doi = {10.1002/9781118705766},
url = {http://ieeexplore.ieee.org/xpl/bkabstractplus.jsp?bkn=6798070}
}



%% Entrée dans une encyclopédie
%% Entry in an encyclopedia

@incollection{Daintith2010,
author = {Daintith, John and Martin, Elizabeth},
title = {Lanthanoids},
booktitle = {A Dictionary of Science},
year = {2010},
publisher = {Oxford University Press},
address = {Oxford, UK},
edition = {Sixth},
pages = {460},
url = {http://www.knovel.com/ web/portal/browse/display?_EXT_KNOVEL_DISPLAY_bookid=3287}
}



%% Entrée dans Wikipédia avec date de mise à jour
%% Entry in Wikipedia with last update date

@incollection{Corrosion2015,
title = {Corrosion},
booktitle = {Wikipédia},     	
year = {2015},
month = {14 aug.},          	
url = {http://fr.wikipedia.org/wiki/Corrosion}    		
}

%% For the previous reference in English, use:
%% title = {Corrosion},
%% booktitle = {Wikipedia},
%% month = {Aug. 14,},
%% url = {https://en.wikipedia.org/wiki/Corrosion}




%% Article de revue publié (imprimé)
%% Published journal article (in print)

%% Le style IEEE utilise les titres de revue abrégés. Dans le champ journal, saisir l'abréviation du titre de la revue (ou le titre complet, ce qui serait aussi acceptable).
%% The IEEE style uses the abbreviated titles of journals. In the journal field, use the abbreviated title of journal (or its full title, which is also acceptable).

@article{Kaliouby1987,
title = {New two-port scattering matrix measurement technique using a sliding load},
author = {Kaliouby, Leopoldine and Bosisio, Renato G.},
journal = {{IEEE} Transactions on Instrumentation and Measurement},
year = {1987},
volume = {IM-36},
number = {4},
pages = {1028-1030},
month = dec
}



%% Article de revue publié (électronique)
%% Published journal article (in electronic format)

%% Le style IEEE utilise les titres de revue abrégés. Dans le champ journal, saisir l'abréviation du titre de la revue (ou le titre complet, ce qui serait aussi acceptable).
%% The IEEE style uses the abbreviated titles of journals. In the journal field, use the abbreviated title of journal (or its full title, which is also acceptable).

@article{Senjian2015,
author = {Senjian, An and Boussaid, Farid and Bennamoun, Mohammed and Sohel, Ferdous},
title = {Quantitative error analysis of bilateral filtering},
journal = {{IEEE} Signal Processing Letters},		
year = {2015},
volume = {22},
number = {2},
pages = {202-206},
month = sep,
doi = {10.1109/LSP.2014.2353694},
url = {http://ieeexplore.ieee.org/stamp/stamp.jsp?tp=&arnumber=6892949}
}

%% Pour pouvoir utiliser IEEEabrv et IEEEfull, dans la référence précédente, 
%% le champ journal doit être :
%% To use IEEEabrv and IEEEfull, in the previous reference, the journal field should be:
%% journal = IEEE_J_SPL,	



%% Article accepté pour publication et déjà disponible en ligne
%% Journal article to be published, already available online

%% Le style IEEE utilise les titres de revue abrégés. Dans le champ journal, saisir l'abréviation du titre de la revue (ou le titre complet, ce qui serait aussi acceptable).
%% The IEEE style uses the abbreviated titles of journals. In the journal field, use the abbreviated title of journal (or its full title, which is also acceptable).

@article{Choy2016,
author = {Choy, Wallace C. H. and Ren, Xingang},
title = {Plasmon-electrical effects on organic solar cells by incorporation of metal nanostructures},
journal = {{IEEE} Journal of Selected Topics in Quantum Electronics},
year = {2016},
volume = {22},
number = {1},
pages = {1-9},
month = jan,
url = {http://ieeexplore.ieee.org/stamp/stamp.jsp?tp=&arnumber=7119560},
note = {à paraître}		
}

%% For the previous reference in English, use:
%% note = {to be published}	



%% Article soumis qui n’est pas encore accepté
%% Submitted article that was not yet accepted

%% Le style IEEE utilise les titres de revue abrégés. Dans le champ journal, saisir l'abréviation du titre de la revue (ou le titre complet, ce qui serait aussi acceptable).
%% The IEEE style uses the abbreviated titles of journals. In the journal field, use the abbreviated title of journal (or its full title, which is also acceptable).

@article{Choy2015,
author = {Choy, Wallace C. H. and Ren, Xingang},
title = {Plasmon-electrical effects on organic solar cells by incorporation of metal nanostructures},
journal = {{IEEE} Journal of Selected Topics in Quantum Electronics},
year = {2015},
month = sept,
note = {soumis pour publication}
}

%% For the previous reference in English, use:
%% note = {submitted for publication}



%% Article soumis qui n’est pas encore accepté
%% Submitted article that was not yet accepted

@unpublished{Choy2015a,
author = {Choy, Wallace C. H. and Ren, Xingang},
title = {Plasmon-electrical effects on organic solar cells by incorporation of metal nanostructures},
year = {2015},
note = {soumis pour publication}
}

%% For the previous reference in English, use:
%% note = {submitted for publication}



%% Numéro d’une revue académique (électronique)
%% Journal issue (in electronic format)

%% Le style IEEE utilise les titres de revue abrégés. Dans le champ title, saisir l'abréviation du titre de la revue (ou le titre complet, ce qui serait aussi acceptable).
%% The IEEE style uses the abbreviated titles of journals. In the title field, use the abbreviated title of journal (or its full title, which is also acceptable).

@periodical{IEEE2012,
title = {{IEEE} Transactions on Antennas and Propagation"},
year = {2012},
volume = {60},
number = {4},
month = apr,
url = {http://ieeexplore.ieee.org/xpl/tocresult.jsp?isnumber=6178353&punumber=8}
}



%% Article de périodique électronique
%% Periodical article available online

@article{Gervais2013,
title = {Plagiat: Quel vilain mot!},
author = {Gervais, Martine},
journal = {Plan},
year = {2013},
volume = {L},
number = {2},
pages = {46-47},
month = mar,
url = {http://www.oiq.qc.ca/Documents/DCAP/chroniques_PLAN/ethique_deontologie/2013_ethique_deontologie/2013_eth_deonto_PLAN_03_FR.pdf}
}



%% Article de périodique électronique, sans auteur mentionné
%% Periodical article without author, available online

@misc{Ledevoir2013,
howpublished = {Le Devoir},
title = {Des satellites canadiens s'élancent de l'{I}nde},
year = {2013},
month = feb,
day={25},
url = {http://www.ledevoir.com/societe/science-et-technologie/371795/des-satellites-canadiens-s-elancent-de-l-inde}
}



%% Communication de conférence électronique
%% Le style IEEE utilise les noms de conférences abrégés. Dans le champ booktitle, saisir l'abréviation du nom de conférence (ou le nom complet, ce qui serait aussi acceptable).
%% Conference paper in electronic format
%% The IEEE style uses the abbreviated conference names. In the booktitle field, use the abbreviated name of conference (or its full name, which is also acceptable).

@inproceedings{Madani2010,
author = {Madani, Nioosha and Guerrouj, Latifa and Di Penta, Massimiliano and Guéhéneuc, Yann-Gaël and Antoniol, Giuliano},
title = {Recognizing words from source code identifiers using speech recognition techniques},
booktitle = {14th European Conference on Software Maintenance and Reengineering ({CSMR})},
year = {2010},
address = {Madrid, Spain},
month = {15-18 mars},		
intype = {communication présentée à},		
pages = {68-77},
doi = {10.1109/CSMR.2010.31},
url = {http://ieeexplore.ieee.org/stamp/stamp.jsp?tp=&arnumber=5714421}
}

%% For the previous reference in English, use:
%% month = {Mar. 15-18,},
%% intype = {presented at the},



%% Mémoire de maîtrise électronique
%% Master's thesis in electronic format

@mastersthesis{Massicotte2013,
author = {Massicotte, Geneviève},
title = {Biocapteur ampérométrique intégré pour une unité de détection dédiée aux neurotransmetteurs},
school = {Dép. de génie électrique, École Polytechnique de Montréal}, 
year = {2013},
address = {Montréal, QC},
type = {mémoire de maîtrise},		
url = {http://publications.polymtl.ca/1319/}
}

%% For the previous reference in English, use:
%% type = {Master's thesis},



%% Thèse de doctorat électronique
%% PhD dissertation in electronic format

@phdthesis{Rossi2011,
author = {Rossi, Angelo},
title = {Sécurité dans les réseaux mobiles de nouvelle génération},
school = {Dép. de génie informatique et génie logiciel, École Polytechnique de Montréal},
year = {2011},
address = {Montréal, QC},
type = {thèse de doctorat},		
url = {http://publications.polymtl.ca/614/}
}

%% For the previous reference in English, use:
%% type = {PhD dissertation},



%% Raport technique imprimé
%% Technical report (in print)

@techreport{DeSantis2002,
author = {De Santis, Romano Mario},
title = {Enhanced tuning of industrial controllers via a dual loop {pid} form},
institution = {Dép. de genie électrique, École Polytechnique de Montréal},
year = {2002},
address = {Montréal, QC},
number = {EPM/RT 01-06},
type = {Rapport technique}		
}
 
%% For the previous reference in English, use:
%% type = {Technical report}
 
 
  
%% Raport technique électronique
%% Technical report (in electronic format)

@techreport{Cohen2006,
author = {Cohen, Amit and Thorne, David},
title = {Migration to {E}thernet-based {DSL} aggregation},
institution = {Architecture and Transport Working Group},
year = {2006},
number = {DSL Forum TR-101},
url = {https://www.broadband-forum.org/technical/download/TR-101.pdf}
}



%% Brevet canadien imprimé ou électronique
%% Canadian patent (in print or electronic format)

@patent{Thorsson2014,
author = {Thorsson, Brynjolfur and Thorvaldsson, Bjorn and Asgeirsson, Asgeir}, 
title = {Tracing items through a non-sequential process},
number = {CA 2 634 408},		
year = {2014},
month = {13 mai},			
yearfiled = {2006},
url = {http://brevets-patents.ic.gc.ca/opic-cipo/cpd/eng/patent/2634408/summary.html},
howpublished = {Canadian Intellectual Property Office}
}

%% For the previous reference in English, use:
%% nationality = {Canadian},	
%% number = {2 634 408},	
%% month = {May 13},	



%% Brevet américain imprimé ou électronique
%% American patent (in print or electronic format)

@patent{Schirmer2012,
author = {Schirmer, Andreas and Rude, Mathew and Brubaker, Shane},
title = {Method for producing a fatty alcohol or fatty aldehyde},	
number = {U.S. 8 268 599 B2},	
year = {2012},
month = {18 sept.},			
url = {http://www.google.com/patents/US8268599?dq=8,268,599&hl=fr&sa=X&ei=uI_UUJGGEMXNrQGR0oDADw&ved=0CDsQ6AEwAA}
}

%% For the previous reference in English, use:
%% nationality = {U.S.},	
%% number = {8 268 599 B2},
%% year = {2012},
%% month = {Sept. 18},	



%% Demande de brevet américain
%% American patent application (in print or electronic format)

@patent{Sakai2015,
author = {Sakai, Takashi and Kosaka, Shunsuke and Kunisaki, Akira},
title = {Industrial robot},
number = {U.S. 2015/0246449 A1},		
year = {2015},
month = {3 sept.},			
type = {Demande de brevet},	
url = {http://appft.uspto.gov/netacgi/nph-Parser?TERM1=20150246449&Sect1=PTO1&Sect2=HITOFF&d=PG01&p=1&u=\%2Fnetahtml\%2FPTO\%2Fsrchnum.html&r=0&f=S&l=50}
}

%% Utiliser \& au lieu de & si le lien se transforme en commentaire.

%% For the previous reference in English, use:
%% nationality = {U.S.},
%% number = {2015/0246449 A1},
%% month = {Sept. 3},
%% type = {Patent appl.},

%% Change & with \& if the link changes in comment.
 
 
 
%% Norme imprimée
%% Standard in print

@standard{CSA2002,
title = {L'ISO 14001 et l'état de la conformité au {C}anada},	
number = {CSA PLUS 1162},
address = {Toronto, ON},
year = {2002}
}

%% For the previous reference in English, use:
%% title = {ISO 14001 and Compliance in {C}anada},	



%% Norme électronique
%% Standard in electronic format

@standard{Electrical2006,
title = {{IEEE} Recommended Practice for Powering and Grounding Electronic Equipment},
number = {1100-2005},
year = {2006},
address = {Piscataway, NJ},
doi = {10.1109/IEEESTD.2006.216391},
url = {http://ieeexplore.ieee.org/servlet/opac?punumber=10911}
}



%% Page Web
%% Web page

@electronic{Min2016,
author = {{Ministère du Développement durable, Environnement et Lutte contre les changements climatiques}},
title = {Les gaz à effet de serre},
year = {2016},
url = {http://www.mddelcc.gouv.qc.ca/air/questce-ges.htm}
}

%% Utiliser {} si l'auteur est une organisation.
%% Use {} if the author is an organisation.


%% Logiciel
%% Software

@electronic{Druide2012,
author = {{Druide informatique}},
title = {Antidote {RX} (Version 8)},
year = {2012},
url = {http://www.druide.com/antidote.html}
} 


%% Communication personnelle
%% Personal communication

@misc{Com2018,
author = {Desjardins, Laurent},
year = {2018},
month = {13 mai},	
note = {communication personnelle}		
}

%% For the previous reference in English, use:
%% month = {May 13,},	
%% note = {private communication}