@inproceedings{bordes2013translating,
  title={Translating embeddings for modeling multi-relational data},
  author={Bordes, Antoine and Usunier, Nicolas and Garcia-Duran, Alberto and Weston, Jason and Yakhnenko, Oksana},
  booktitle={Advances in Neural Information Processing Systems},
  pages={2787--2795},
  year={2013}
}

@inproceedings{toutanova2015observed,
  title={Observed versus latent features for knowledge base and text inference},
  author={Toutanova, Kristina and Chen, Danqi},
  booktitle={Proc. 3rd Workshop on Continuous Vector Space Models and their Compositionality},
  pages={57--66},
  year={2015},
  doi={10.18653/v1/w15-4007}
}

@inproceedings{mikolov2018advances,
  title={Advances in Pre-Training Distributed Word Representations},
  author={Mikolov, Tomas and Grave, Edouard and Bojanowski, Piotr and Puhrsch, Christian and Joulin, Armand},
  booktitle={Proceedings of the International Conference on Language Resources and Evaluation (LREC 2018)},
  year={2018}
}

@article{petrucci2018expressive,
  title={Expressive ontology learning as neural machine translation},
  author={Petrucci, Giulio and Rospocher, Marco and Ghidini, Chiara},
  journal={Journal of Web Semantics},
  volume={52},
  pages={66--82},
  year={2018},
  publisher={Elsevier},
  doi={10.1016/j.websem.2018.10.002}
}

@inproceedings{wang2014knowledge,
  title={Knowledge graph embedding by translating on hyperplanes},
  author={Wang, Zhen and Zhang, Jianwen and Feng, Jianlin and Chen, Zheng},
  booktitle={Twenty-Eighth AAAI conference on artificial intelligence},
  year={2014}
}

@inproceedings{ji2015knowledge,
  title={Knowledge graph embedding via dynamic mapping matrix},
  author={Ji, Guoliang and He, Shizhu and Xu, Liheng and Liu, Kang and Zhao, Jun},
  booktitle={Proceedings of the 53rd Annual Meeting of the Association for Computational Linguistics and the 7th International Joint Conference on Natural Language Processing (Volume 1: Long Papers)},
  pages={687--696},
  year={2015}
}

@inproceedings{ristoski2017large,
  title={Large-scale taxonomy induction using entity and word embeddings},
  author={Ristoski, Petar and Faralli, Stefano and Ponzetto, Simone Paolo and Paulheim, Heiko},
  booktitle={Proceedings of the International Conference on Web Intelligence},
  pages={81--87},
  year={2017},
  organization={ACM},
  doi={10.1145/3106426.3106465}
}
%

@inproceedings{fu2014learning,
  title={Learning semantic hierarchies via word embeddings},
  author={Fu, Ruiji and Guo, Jiang and Qin, Bing and Che, Wanxiang and Wang, Haifeng and Liu, Ting},
  booktitle={Proceedings of the 52nd Annual Meeting of the Association for Computational Linguistics},
  volume={1},
  pages={1199--1209},
  year={2014}
}


@inproceedings{nickel2011learning,
  title={Learning taxonomies from multi-relational data via hierarchical link-based clustering},
  author={Nickel, Maximilian and Tresp, Volker},
  booktitle={Learning Semantics. Workshop at NIPS},
  volume={11},
  year={2011}
}


@inproceedings{complex,
  title={Complex embeddings for simple link prediction},
  author={Trouillon, Th{\'e}o and Welbl, Johannes and Riedel, Sebastian and Gaussier, {\'E}ric and Bouchard, Guillaume},
  year={2016},
  booktitle={Proc. International Conference on Machine Learning}
}

@inproceedings{ristoski2016rdf2vec,
  title={Rdf2vec: {RDF} graph embeddings for data mining},
  author={Ristoski, Petar and Paulheim, Heiko},
  booktitle={International Semantic Web Conference},
  pages={498--514},
  year={2016},
  organization={Springer}
}

@inproceedings{mikolov2013distributed,
  title={Distributed representations of words and phrases and their compositionality},
  author={Mikolov, Tomas and Sutskever, Ilya and Chen, Kai and Corrado, Greg S and Dean, Jeff},
  booktitle={Advances in Neural Information Processing Systems},
  pages={3111--3119},
  year={2013}
}

@inproceedings{distmult,
  author    = {Bishan Yang and
               Wen{-}tau Yih and
               Xiaodong He and
               Jianfeng Gao and
               Li Deng},
  title     = {Embedding Entities and Relations for Learning and Inference in Knowledge
               Bases},
  booktitle = {Proc. 3rd International Conference on Learning Representations},
  year      = {2015}
}
@misc{ji2020survey,
    title={A Survey on Knowledge Graphs: Representation, Acquisition and Applications},
    author={Shaoxiong Ji and Shirui Pan and Erik Cambria and Pekka Marttinen and Philip S. Yu},
    year={2020},
    eprint={2002.00388},
    archivePrefix={arXiv},
    primaryClass={cs.CL}
}
@article{buhmann2016dl,
  title={DL-Learnerâ€”A framework for inductive learning on the Semantic Web},
  author={B{\"u}hmann, Lorenz and Lehmann, Jens and Westphal, Patrick},
  journal={Journal of Web Semantics},
  volume={39},
  pages={15--24},
  year={2016},
  publisher={Elsevier}
}
@inproceedings{haidar2016entity,
  title={Entity typing and linking using sparql patterns and DBpedia},
  author={Haidar-Ahmad, Lara and Font, Ludovic and Zouaq, Amal and Gagnon, Michel},
  booktitle={Semantic Web Evaluation Challenge},
  pages={61--75},
  year={2016},
  organization={Springer}
}
@inproceedings{jabbari2018fca,
  title={FCA-Based Ontology Learning From Unstructured Textual Data},
  author={Jabbari, Simin and Stoffel, Kilian},
  booktitle={International Conference on Mining Intelligence and Knowledge Exploration},
  pages={1--10},
  year={2018},
  organization={Springer}
}
@article{paulheim2014improving,
  title={Improving the quality of linked data using statistical distributions},
  author={Paulheim, Heiko and Bizer, Christian},
  journal={International Journal on Semantic Web and Information Systems (IJSWIS)},
  volume={10},
  number={2},
  pages={63--86},
  year={2014},
  publisher={IGI Global}
}

@article{zouaq2011towards,
  title={Towards open ontology learning and filtering},
  author={Zouaq, Amal and Gasevic, Dragan and Hatala, Marek},
  journal={Information Systems},
  volume={36},
  number={7},
  pages={1064--1081},
  year={2011},
  publisher={Elsevier}
}
@inproceedings{li2019ontology,
  title={Ontology completion using graph convolutional networks},
  author={Li, Na and Bouraoui, Zied and Schockaert, Steven},
  booktitle={International Semantic Web Conference},
  pages={435--452},
  year={2019},
  organization={Springer}
}

@misc{rossi2020knowledge,
    title={Knowledge Graph Embedding for Link Prediction: A Comparative Analysis},
    author={Andrea Rossi and Donatella Firmani and Antonio Matinata and Paolo Merialdo and Denilson Barbosa},
    year={2020},
    eprint={2002.00819},
    archivePrefix={arXiv},
    primaryClass={cs.LG}
}
@article{paulheim2017knowledge,
  title={Knowledge graph refinement: A survey of approaches and evaluation methods},
  author={Paulheim, Heiko},
  journal={Semantic web},
  volume={8},
  number={3},
  pages={489--508},
  year={2017},
  publisher={IOS Press}
}
@inproceedings{hao2019universal,
  title={Universal representation learning of knowledge bases by jointly embedding instances and ontological concepts},
  author={Hao, Junheng and Chen, Muhao and Yu, Wenchao and Sun, Yizhou and Wang, Wei},
  booktitle={Proceedings of the 25th ACM SIGKDD International Conference on Knowledge Discovery \& Data Mining},
  pages={1709--1719},
  year={2019}
}
@inproceedings{faralli2017contrastmedium,
  title={The contrastmedium algorithm: Taxonomy induction from noisy knowledge graphs with just a few links},
  author={Faralli, Stefano and Panchenko, Alexander and Biemann, Chris and Ponzetto, Simone Paolo},
  booktitle={Proceedings of the 15th Conference of the European Chapter of the Association for Computational Linguistics: Volume 1, Long Papers},
  pages={590--600},
  year={2017}
}

@article{peixoto:hal-01356375,
  TITLE = {{Hierarchical Multi-Label Classification Using Web Reasoning for Large Datasets}},
  AUTHOR = {Peixoto, Rafael and Hassan, Thomas and Cruz, Christophe and Bertaux, Aur{\'e}lie and Silva, Nuno},
  URL = {https://hal.archives-ouvertes.fr/hal-01356375},
  JOURNAL = {{Open Journal Of Semantic Web}},
  PUBLISHER = {{Research Online Publishing}},
  YEAR = {2016},
  DOI = {10.19210/1006.3.1.1},
}